@unpublished{lafayPartI,
  TITLE = {Investigating soundscapes perception through acoustic scenes simulation. Part I: simulation protocol presentation and case study},
  AUTHOR = {Lafay, Gr{\'e}goire and Misdariis, Nicolas and Lagrange, Mathieu and Rossignol, Mathias},
  NOTE = {under revision},
  YEAR = {2016},
  MONTH = Apr
}


@article{yu2010factors,
  title={Factors influencing the sound preference in urban open spaces},
  author={Yu, Lei and Kang, Jian},
  journal={Applied Acoustics},
  volume={71},
  number={7},
  pages={622--633},
  year={2010},
  publisher={Elsevier}
}

@article{yang2013psychoacoustical,
  title={Psychoacoustical evaluation of natural and urban sounds in soundscapes},
  author={Yang, Ming and Kang, Jian},
  journal={The Journal of the Acoustical Society of America},
  volume={134},
  number={1},
  pages={840--851},
  year={2013},
  publisher={Acoustical Society of America}
}

@article{yu2009modeling,
  title={Modeling subjective evaluation of soundscape quality in urban open spaces: An artificial neural network approach},
  author={Yu, Lei and Kang, Jian},
  journal={The Journal of the Acoustical Society of America},
  volume={126},
  number={3},
  pages={1163--1174},
  year={2009},
  publisher={Acoustical Society of America}
}



@unpublished{lafay:hal-01300399,
  TITLE = {{Semantic browsing of sound databases without keywords}},
  AUTHOR = {Lafay, Gr{\'e}goire and Misdariis, Nicolas and Lagrange, Mathieu and Rossignol, Mathias},
  URL = {https://hal.archives-ouvertes.fr/hal-01300399},
  NOTE = {under revision},
  YEAR = {2016},
  MONTH = Apr,
  PDF = {https://hal.archives-ouvertes.fr/hal-01300399/file/lafaySsf2016.pdf},
  HAL_ID = {hal-01300399},
  HAL_VERSION = {v1},
}

@inproceedings{guyot2005urban,
  title={Urban sound environment quality through a physical and perceptive classification of sound sources: a cross-cultural study},
  author={Guyot, F and Nathanail, C and Montignies, F and Masson, B},
  booktitle={Proceedings Forum Acusticum, Budapest, Hungary},
  year={2005}
}

@article{lavandier2006contribution,
  title={The contribution of sound source characteristics in the assessment of urban soundscapes},
  author={Lavandier, Catherine and Defr{\'e}ville, Boris},
  journal={Acta Acustica united with Acustica},
  volume={92},
  number={6},
  pages={912--921},
  year={2006},
  publisher={S. Hirzel Verlag}
}

@article{ricciardi2015sound,
  title={Sound quality indicators for urban places in Paris cross-validated by Milan data},
  author={Ricciardi, Paola and Delaitre, Pauline and Lavandier, Catherine and Torchia, Francesca and Aumond, Pierre},
  journal={The Journal of the Acoustical Society of America},
  volume={138},
  number={4},
  pages={2337--2348},
  year={2015},
  publisher={Acoustical Society of America}
}

@article{guastavino_ideal_2006,
	title = {The ideal urban soundscape: Investigating the sound quality of French cities},
	volume = {92},
	journal = {Acta Acustica United with Acustica},
	author = {Guastavino, Catherine},
	year = {2006},
	keywords = {{VP}},
	pages = {945--951},
	file = {Guastavino2006_Ideal_Urban_Soundscape_French_cities.pdf:C:\Users\LAFAY\AppData\Roaming\Zotero\Zotero\Profiles\f3yp208b.default\zotero\storage\7IHQQAEU\Guastavino2006_Ideal_Urban_Soundscape_French_cities.pdf:application/pdf}
}

@article{payne2009research,
  title={Research into the practical and policy applications of soundscape concepts and techniques in urban areas},
  author={Payne, SR and Davies, WJ and Adams, MD},
  year={2009},
  publisher={HMSO}
}


@article{raimbault2006qualitative,
  title={Qualitative judgements of urban soundscapes: Questionning questionnaires and semantic scales},
  author={Raimbault, Manon},
  journal={Acta acustica united with acustica},
  volume={92},
  number={6},
  pages={929--937},
  year={2006},
  publisher={S. Hirzel Verlag}
}



@inproceedings{Salamon14,
    Address = {Orlando, FL, USA},
    Author = {Salamon, J. and Jacoby, C. and Bello, J. P.},
    Booktitle = {22st {ACM} International Conference on Multimedia ({ACM-MM'14})},
    Month = {Nov.},
    Title = {A Dataset and Taxonomy for Urban Sound Research},
    Year = {2014}
    }

@article{aletta2016soundscape,
  title={Soundscape descriptors and a conceptual framework for developing predictive soundscape models},
  author={Aletta, Francesco and Kang, Jian and Axelsson, {\"O}sten},
  journal={Landscape and Urban Planning},
  volume={149},
  pages={65--74},
  year={2016},
  publisher={Elsevier}
}






@article{Mesgarani2012,
  title={Selective cortical representation of attended speaker in multi-talker speech perception},
  author={Mesgarani, Nima and Chang, Edward F.},
  journal={Nature},
  volume={485},
  number={7397},
  pages={233--236},
  year={2012},
  publisher={Nature Publishing Group, a division of Macmillan Publishers Limited}
}


@article{perneger1998s,
  title={Whatâ€™s wrong with Bonferroni adjustments},
  author={Perneger, Thomas V},
  journal={BMJ: British Medical Journal},
  volume={316},
  number={7139},
  pages={1236},
  year={1998},
  publisher={BMJ Group}
}


@article{axelsson2010principal,
  title={A principal components model of soundscape perceptiona)},
  author={Axelsson, {\"O}sten and Nilsson, Mats E and Berglund, Birgitta},
  journal={The Journal of the Acoustical Society of America},
  volume={128},
  number={5},
  pages={2836--2846},
  year={2010},
  publisher={Acoustical Society of America}
}

@article{ciocca2007auditory,
  title={The auditory organization of complex sounds.},
  author={Ciocca, Valter},
  journal={Frontiers in bioscience: a journal and virtual library},
  volume={13},
  pages={148--169},
  year={2007}
}

@article{bruce2014effects,
  title={The effects of expectation on the perception of soundscapes},
  author={Bruce, Neil S and Davies, William J},
  journal={Applied Acoustics},
  volume={85},
  pages={1--11},
  year={2014},
  publisher={Elsevier}
}

@article{bruce2009development,
  title={Development of a soundscape simulator tool},
  author={Bruce, Neil S and Davies, William J and Adams, Mags D},
  journal={proceedings of Internoise 2009},
  year={2009}
}

@inproceedings{pang2006introduction,
  title={Introduction to data mining},
  author={Pang-Ning, Tan and Steinbach, Michael and Kumar, Vipin and others},
  booktitle={Library of Congress},
  year={2006}
}

@article{axelsson2005soundscape,
  title={Soundscape assessment},
  author={Axelsson, Osten and Berglund, Birgitta and Nilsson, Mats E},
  journal={The Journal of the Acoustical Society of America},
  volume={117},
  number={4},
  pages={2591--2592},
  year={2005},
  publisher={Acoustical Society of America}
}

@article{nelken2008neurons,
  title={Neurons and objects: the case of auditory cortex},
  author={Nelken, Israel and Bar-Yosef, Omer},
  journal={Frontiers in neuroscience},
  volume={2},
  number={1},
  pages={107},
  year={2008},
  publisher={Frontiers Research Foundation}
}


@inbook{bregman1994auditory,
  title={Auditory scene analysis: The perceptual organization of sound},
  author={Bregman, Albert S},
  year={1990 (hardcover)/1994 (paperback)},
  publisher={The MIT Press},
  address={Cambridge, Massachusetts},
  pages={1--773}
}



@article{winkler2009modeling,
  title={Modeling the auditory scene: predictive regularity representations and perceptual objects},
  author={Winkler, Istv{\'a}n and Denham, Susan L and Nelken, Israel},
  journal={Trends in cognitive sciences},
  volume={13},
  number={12},
  pages={532--540},
  year={2009},
  publisher={Elsevier}
}

@article{torija2013application,
  title={Application of a methodology for categorizing and differentiating urban soundscapes using acoustical descriptors and semantic-differential attributes},
  author={Torija, Antonio J and Ruiz, Diego P and Ramos-Ridao, AF},
  journal={The Journal of the Acoustical Society of America},
  volume={134},
  number={1},
  pages={791--802},
  year={2013},
  publisher={Acoustical Society of America}
}

@inbook{roach1978cognition,
  title={Cognition and categorization},
  author={Roach, Eleanor and Lloyd, Barbara B},
  publisher={Hillsdale},
  address={New Jersey},
  year={1978},
  pages={1--327}
}

@inproceedings{soundscape3,
 author = {Lafay Gr{\'e}goire and Rossignol Mathias and Misdariis Nicolas and Lagrange Mathieu and Jean-Fran{\c c}ois Petiot},
 title = {A new experimental approach for urban soundscape characterization based on sound manipulation : A pilot study},
 booktitle = {Proceedings of the 26th International Symposium on Musical Acoustics},
 year = {2014},
 pages={593--599}
} 

@inproceedings{ssf,
 author = {Gregoire Lafay and Mathias Rossignol and Nicolas Misdariis and Mathieu Lagrange},
 title = {Speed Sound Finding},
 booktitle = {under preparation},
 year = {2014},
} 

@inproceedings{soundscape,
  title={Modeling the soundscape, with application to event detection performance assessment},
  author={Gregoire Lafay and Mathieu Lagrange and Mathias Rossignol and Nicolas Misdariis and Axel Roebel},
  booktitle={under preparation},
  pages={},
  year={}
}

@inbook{schafer1977tuning,
  title={The Tuning of the World},
  author={Schafer, R.M.},
  series={Borzoi book},
  year={1977},
  publisher={Knopf},
  address={New York},
  note={Reprinted as \textit{Our Sonic Environment and the Soundscape: The Tuning of the World}. Destiny Books, 1994},
  pages={1--301}
}

@inproceedings{schulte2013soundscape,
  title={Soundscape-focusing on resources},
  author={Schulte-Fortkamp, Brigitte},
  booktitle={Proceedings of Meetings on Acoustics},
  volume={19},
  number={1},
  pages={040117},
  year={2013},
  organization={Acoustical Society of America}
}

@article{dubois2006cognitive,
  title={A cognitive approach to urban soundscapes: Using verbal data to access everyday life auditory categories},
  author={Dubois, Dani{\`e}le and Guastavino, Catherine and Raimbault, Manon},
  journal={Acta Acustica united with Acustica},
  volume={92},
  number={6},
  pages={865--874},
  year={2006},
  publisher={S. Hirzel Verlag}
}

@article{dubois2000categories,
  title={Categories as acts of meaning: The case of categories in olfaction and audition},
  author={Dubois, Dani{\`e}le},
  journal={Cognitive Science Quarterly},
  volume={1},
  number={1},
  pages={35--68},
  year={2000}
}

@article{raimbault_urban_2005,
	title = {Urban soundscapes: Experiences and knowledge},
	volume = {22},
	shorttitle = {Urban soundscapes},
	language = {en},
	number = {5},
	urldate = {2014-03-24},
	journal = {Cities},
	author = {Raimbault, Manon and Dubois, DaniÃ¨le},
	month = oct,
	year = {2005},
	pages = {339--350},
	file = {e0b4951dc5af948a60.pdf:C:\Users\LAFAY\AppData\Roaming\Zotero\Zotero\Profiles\f3yp208b.default\zotero\storage\T65SZA5I\e0b4951dc5af948a60.pdf:application/pdf}
}



@article{schulte-fortkamp_soundscape_2006,
	title = {Soundscape analysis in a residential area: An evaluation of noise and people's mind},
	volume = {92},
	shorttitle = {Soundscape analysis in a residential area},
	number = {6},
	urldate = {2013-05-31},
	journal = {Acta acustica united with acustica},
	author = {Schulte-Fortkamp, Brigitte and Fiebig, Andre},
	year = {2006},
	keywords = {A lire mnt},
	pages = {875â€“880},
	file = {s4.pdf:C:\Users\LAFAY\AppData\Roaming\Zotero\Zotero\Profiles\f3yp208b.default\zotero\storage\566MEM3I\s4.pdf:application/pdf;s4.pdf:C:\Users\LAFAY\AppData\Roaming\Zotero\Zotero\Profiles\f3yp208b.default\zotero\storage\J55X7MGJ\s4.pdf:application/pdf}
}

@article{cain_development_2013,
	title = {The development and application of the emotional dimensions of a soundscape},
	volume = {74},
	language = {en},
	number = {2},
	urldate = {2014-03-22},
	journal = {Applied Acoustics},
	author = {Cain, Rebecca and Jennings, Paul and Poxon, John},
	month = feb,
	year = {2013},
	keywords = {{ARTICLE} {JASA}},
	pages = {232--239},
	file = {1-s2.0-S0003682X1100301X-main.pdf:C:\Users\LAFAY\AppData\Roaming\Zotero\Zotero\Profiles\f3yp208b.default\zotero\storage\UI5K6ZIW\1-s2.0-S0003682X1100301X-main.pdf:application/pdf}
}

@article{Yang2005211,
title = "Acoustic comfort evaluation in urban open public spaces ",
journal = "Applied Acoustics ",
volume = "66",
number = "2",
pages = "211 - 229",
year = "2005",
note = "Urban Acoustics Urban Acoustics ",
author = "W. Yang and J. Kang",
keywords = "Urban open public spaces",
keywords = "Acoustic comfort",
keywords = "Soundscape "
}

@article{kang_semantic_2010,
	title = {Semantic differential analysis of the soundscape in urban open public spaces},
	volume = {45},
	number = {1},
	urldate = {2013-03-25},
	journal = {Building and Environment},
	author = {Kang, J. and Zhang, M.},
	month = jan,
	year = {2010},
	keywords = {A lire mnt, {VP}},
	pages = {150--157}
}

@inbook{schafer_new_1969,
	address = {Vienna},
	title = {The New Soundscape: A Handbook for the Modern Music
Teacher},
	publisher = {Universal Edition},
	author = {Schafer, R. M.},
	year = {1969},
	pages={1--65}
}

@inproceedings{niessen_categories_2010,
	title = {Categories for soundscape: toward a hybrid classification},
	volume = {2010},
	shorttitle = {Categories for soundscape},
	urldate = {2013-03-12},
	booktitle = {{Inter-Noise} and {Noise-Con} Congress and Conference Proceedings},
	author = {Niessen, Maria and Cance, Caroline and Dubois, DaniÃ¨le},
	year = {2010},
	pages = {5816--5829},
	file = {Niessen_Category_for_soundscape_Toward_a_hybrid_classification.pdf:C:\Users\LAFAY\AppData\Roaming\Zotero\Zotero\Profiles\f3yp208b.default\zotero\storage\SPE4RR8D\Niessen_Category_for_soundscape_Toward_a_hybrid_classification.pdf:application/pdf}
}

@article{bruce_expectation_2009,
	title = {Expectation as a factor in the perception of soundscapes},
	journal = {Euronoise},
	author = {Bruce, Neil S. and Davies, W. J. and Adams, Mags D.},
	year = {2009},
	keywords = {{ARTICLE} {JASA}},
	file = {Bruce_et_al_soundscape_expectation_euronoise_2009.pdf:C:\Users\LAFAY\AppData\Roaming\Zotero\Zotero\Profiles\f3yp208b.default\zotero\storage\JUSEJTTE\Bruce_et_al_soundscape_expectation_euronoise_2009.pdf:application/pdf}
}

@article{davies_perception_2013,
	title = {Perception of soundscapes: An interdisciplinary approach},
	volume = {74},
	shorttitle = {Perception of soundscapes},
	number = {2},
	urldate = {2013-03-25},
	journal = {Applied Acoustics},
	author = {Davies, William J. and Adams, Mags D. and Bruce, Neil S. and Cain, Rebecca and Carlyle, Angus and Cusack, Peter and Hall, Deborah A. and Hume, Ken I. and Irwin, Amy and Jennings, Paul and Marselle, Melissa and Plack, Christopher J. and Poxon, John},
	month = feb,
	year = {2013},
	keywords = {{VP}},
	pages = {224--231}
}


@phdthesis{guastavino_etude_2003,
  title={Etude s{\'e}mantique et acoustique de la perception des basses fr{\'e}quences dans lâ€™environnement sonore urbain, ("Semantic and acoustic study of lowfrequency noises perception in urban sound environment")},
  author={Guastavino, Catherine},
  school={Universit{\'e} Paris VI},
  address={Paris, France},
  year={2003}
}

@phdthesis{maffiolo_caracterisation_1999,
  title={De la caract{\'e}risation s{\'e}mantique et acoustique de la qualit{\'e} sonore de lâ€™environnement urbain, ("Semantic and acoustical characterisation of the sound quality of urban environment")},
  author={Maffiolo, Val{\'e}rie},
  school={Universit{\'e} du Mans},
  address={Le Mans, France},
  year={1999}
}

@article{houix_lexical_2012,
	title = {A lexical analysis of environmental sound categories.},
	volume = {18},
	number = {1},
	urldate = {2013-04-09},
	journal = {Journal of Experimental Psychology: Applied},
	author = {Houix, Olivier and Lemaitre, Guillaume and Misdariis, Nicolas and Susini, Patrick and Urdapilleta, Isabel},
	year = {2012},
	keywords = {{VP}},
	pages = {52--80}
}

@article{nelken_ear_2013,
	title = {An ear for statistics},
	volume = {16},
	number = {4},
	urldate = {2013-11-06},
	journal = {Nature neuroscience},
	author = {Nelken, Israel and de CheveignÃ©, Alain},
	year = {2013},
	pages = {381â€“382}
}

@article{mcdermott_sound_2011,
	title = {Sound Texture Perception via Statistics of the Auditory Periphery: Evidence from Sound Synthesis},
	volume = {71},
	issn = {08966273},
	shorttitle = {Sound Texture Perception via Statistics of the Auditory Periphery},
	doi = {10.1016/j.neuron.2011.06.032},
	number = {5},
	urldate = {2013-04-03},
	journal = {Neuron},
	author = {{McDermott}, Josh H. and Simoncelli, Eero P.},
	month = sep,
	year = {2011},
	pages = {926--940},
	file = {McDermott_2011_texture_w_SI.pdf:C:\Users\LAFAY\AppData\Roaming\Zotero\Zotero\Profiles\f3yp208b.default\zotero\storage\VJJPMBXN\McDermott_2011_texture_w_SI.pdf:application/pdf}
}

@article{mcdermott2013summary,
  title={Summary statistics in auditory perception},
  author={McDermott, Josh H and Schemitsch, Michael and Simoncelli, Eero P},
  journal={Nature neuroscience},
  volume={16},
  number={4},
  pages={493--498},
  year={2013},
  publisher={Nature Publishing Group}
}

@article{brown_towards_2011,
	title = {Towards standardization in soundscape preference assessment},
	volume = {72},
	number = {6},
	urldate = {2013-03-12},
	journal = {Applied Acoustics},
	author = {Brown, {A.L.} and Kang, Jian and Gjestland, Truls},
	month = may,
	year = {2011},
	keywords = {{VP}},
	pages = {387--392}
	}

@article{agus_rapid_2010,
	title = {Rapid Formation of Robust Auditory Memories: Insights from Noise},
	volume = {66},
	shorttitle = {Rapid Formation of Robust Auditory Memories},
	number = {4},
	urldate = {2013-12-16},
	journal = {Neuron},
	author = {Agus, Trevor R. and Thorpe, Simon J. and Pressnitzer, Daniel},
	month = may,
	year = {2010},
	pages = {610--618},
	file = {AgusThorpePressnitzer_2010_RapidLearningofNoise.pdf:C:\Users\LAFAY\AppData\Roaming\Zotero\Zotero\Profiles\f3yp208b.default\zotero\storage\VTPQVQS9\AgusThorpePressnitzer_2010_RapidLearningofNoise.pdf:application/pdf}
}

@mastersthesis{saint-arnaud_classification_1995,
	title = {Classification of sound textures},
	school = {Massachusetts Institute of Technology},
	author = {Saint-Arnaud, Nicolas},
	year = {1995}
}

@article{kuwano_memory_2003-1,
	title = {Memory of the loudness of sounds in relation to overall impression},
	volume = {4},
	number = {24},
	journal = {Acoustics Science and Technics},
	author = {Kuwano, Sonoko and Namba, Seiichiro and Kato, Tohru and HellbrÃ¼ck, JÃ¼rgen},
	year = {2003}
}

@article{gibson_ecological_1978,
	title = {The ecological approach to the visual perception of pictures},
	volume = {11},
	journal = {Leonardo},
	author = {Gibson, James J.},
	year = {1978},
	keywords = {A lire mnt},
	pages = {227--235},
	file = {gibson.pdf:C:\Users\LAFAY\AppData\Roaming\Zotero\Zotero\Profiles\f3yp208b.default\zotero\storage\36I3GX5R\gibson.pdf:application/pdf;gibson.pdf:C:\Users\LAFAY\AppData\Roaming\Zotero\Zotero\Profiles\f3yp208b.default\zotero\storage\AB4738M3\gibson.pdf:application/pdf}
}

@article{guastavino_ecological_2005,
	title = {Ecological validity of soundscape reproduction},
	volume = {91},
	number = {2},
	urldate = {2013-06-04},
	journal = {Acta Acustica united with Acustica},
	author = {Guastavino, Catherine and Katz, Brian {FG} and Polack, Jean-Dominique and Levitin, Daniel J. and Dubois, Daniele},
	year = {2005},
	keywords = {A lire mnt},
	pages = {333â€“341},
	file = {s15.pdf:C:\Users\LAFAY\AppData\Roaming\Zotero\Zotero\Profiles\f3yp208b.default\zotero\storage\Q6F4HSG5\s15.pdf:application/pdf}
}

@article{schulte-fortkamp_soundscape:_2007,
	title = {Soundscape: An Approach to Rely on Human Perception and Expertise in the Post-Modern Community Noise Era},
	volume = {3},
	shorttitle = {Soundscape},
	number = {1},
	urldate = {2013-06-18},
	journal = {Acoustics Today},
	author = {Schulte-Fortkamp, Brigitte and Brooks, Bennett M. and Bray, Wade R.},
	year = {2007},
	keywords = {A lire mnt},
	pages = {7â€“15},
	file = {ATC000007.pdf:C:\Users\LAFAY\AppData\Roaming\Zotero\Zotero\Profiles\f3yp208b.default\zotero\storage\QNKIZP9I\ATC000007.pdf:application/pdf;ATC000007.pdf:C:\Users\LAFAY\AppData\Roaming\Zotero\Zotero\Profiles\f3yp208b.default\zotero\storage\WV2E8ZNF\ATC000007.pdf:application/pdf}
}

@book{mcadams_penser_1994,
	series = {Psychologie et sciences de la pensÃ©e, Presses Universitaire de France},
	title = {Penser Les Sons : Psychologie cognitive de l'audition},
	author = {{McAdams}, Stephen and Bigand, Emmanuel},
	year = {1994}
}

@article{guastavino_categorization_2007,
  title={Categorization of environmental sounds.},
  author={Guastavino, Catherine},
  journal={Canadian Journal of Experimental Psychology/Revue canadienne de psychologie exp{\'e}rimentale},
  volume={61},
  number={1},
  pages={54},
  year={2007},
  publisher={Canadian Psychological Association}
}

@article{jeon2013soundwalk,
  title={Soundwalk approach to identify urban soundscapes individually},
  author={Jeon, Jin Yong and Hong, Joo Young and Lee, Pyoung Jik},
  journal={The Journal of the Acoustical Society of America},
  volume={134},
  number={1},
  pages={803--812},
  year={2013},
  publisher={Acoustical Society of America}
}




@article{heittola13, 
year={2013},
journal={EURASIP Journal on Audio, Speech, and Music Processing},
eid={1},
volume={2013},
number={1},
doi={10.1186/1687-4722-2013-1},
title={Context-dependent sound event detection},
url={http://dx.doi.org/10.1186/1687-4722-2013-1},
publisher={Springer International Publishing AG},
author={Heittola, Toni and Mesaros, Annamaria and Eronen, Antti and Virtanen, Tuomas},
language={English}
}


@INPROCEEDINGS{1540194, 
author={Radhakrishnan, R. and Divakaran, A. and Smaragdis, P.}, 
booktitle={IEEE Workshop on Applications of Signal Processing to Audio and Acoustics, 2005.}, 
title={Audio analysis for surveillance applications}, 
year={2005}, 
month={Oct}, 
pages={158-161}, 
keywords={Gaussian processes;audio signal processing;surveillance;Gaussian mixture model;audio classification framework;elevator audio data;event detection;off-line analysis;surveillance applications;time series analysis;unsupervised audio analysis;Acoustic signal detection;Cepstral analysis;Data mining;Elevators;Event detection;Feature extraction;Mel frequency cepstral coefficient;Performance analysis;Surveillance;Time series analysis}, 
doi={10.1109/ASPAA.2005.1540194},}


@inproceedings{park14,
title = {Sensing Urban Soundscapes},
year = {2014},
author = {Tae Hong Park, Johnathan Turner and Michael Musick and Jun Hee Lee and Christopher Jacoby and Charlie Mydlarz and Justin Salamon},
pages = {375--382},
booktitle={EDBT/ICDT Workshops},
url = {http://ecoacoustics.sciencesconf.org/},
}


@inproceedings{ECOACOUSTICS2014,
title = {Ecology and acoustics: emergent properties from community to landscape},
year = {2014},
organization = {Sueur, J. and Farina, A. and Bobryk, C. and Llusia, D. and McWilliam, J. and Pieretti, N.},
publisher = {MusÃ©um national d'Histoire naturelle},
address = {Paris, France},
month = {June},
pages = {94},
url = {http://ecoacoustics.sciencesconf.org/},
}


@article{krause,
year={2011},
issn={0921-2973},
journal={Landscape Ecology},
volume={26},
number={9},
doi={10.1007/s10980-011-9600-8},
title={What is soundscape ecology? An introduction and overview of an emerging new science},
url={http://dx.doi.org/10.1007/s10980-011-9600-8},
publisher={Springer Netherlands},
keywords={Soundscape ecology; Landscape ecology; Bioacoustics; Soundscape conservation; Acoustic ecology; Biophony; Geophony; Anthrophony; Land use change; Climate change},
author={Pijanowski, Bryan C. and Farina, Almo and Gage, StuartH. and Dumyahn, SarahL. and Krause, Bernie L.},
pages={1213-1232},
language={English}
}
